 @article{dogadopt,
  title={Determining factors for successful adoption of dogs from an animal shelter.},
  author={Posage, JM and Bartlett, PC and Thomas, DK},
  journal={Journal of the American Veterinary Medical Association},
  volume={213},
  number={4},
  pages={478--482},
  year={1998}
 }

@article{guard,
 title={The Domestication, Behaviour and Use of the Dog},
 author={Stafford, Kevin},
 journal={The Welfare of Dogs},
 pages={1--29},
 year={2006},
 publisher={Springer}
}

 @book{adopt,
  title={Handbook of adoption: Implications for researchers, practitioners, and families},
  author={Baden, Amanda L and Biafora, Frank A and Camacho-Gingerich, Alina},
  year={2007},
  publisher={Sage}
 }

 @article{LOS,
  title={Effects of phenotypic characteristics on the length of stay of dogs at two no kill animal shelters},
  author={Brown, William P and Davidson, Janelle P and Zuefle, Marion E},
  journal={Journal of Applied Animal Welfare Science},
  volume={16},
  number={1},
  pages={2--18},
  year={2013},
  publisher={Taylor \& Francis}
 }

@article{adoptPredict,
 title={Prediction of adoption versus euthanasia among dogs and cats in a California animal shelter},
 author={Lepper, Merry and Kass, Philip H and Hart, Lynette A},
 journal={Journal of Applied Animal Welfare Science},
 volume={5},
 number={1},
 pages={29--42},
 year={2002},
 publisher={Taylor \& Francis}
}
 
@article{BCM,
 title={Binary Choice Models},
 author={Zuehlke, Thomas},
 journal={ECO 5427: Limited Dependent Variables},
 year={2019},
 publisher={Florida State University}
}

